@article{SuperConvergence,
  title={Super-Convergence: Very Fast Training of Residual Networks Using Large Learning Rates},
  author={Anonymous},
  journal={International Conference on Learning Representations},
  year={2018},
  url={https://openreview.net/forum?id=H1A5ztj3b}
}

@article{ResNet,
  author    = {Kaiming He and
               Xiangyu Zhang and
               Shaoqing Ren and
               Jian Sun},
  title     = {Deep Residual Learning for Image Recognition},
  journal   = {CoRR},
  volume    = {abs/1512.03385},
  year      = {2015},
  url       = {http://arxiv.org/abs/1512.03385},
  timestamp = {Wed, 07 Jun 2017 14:41:17 +0200},
  biburl    = {http://dblp.org/rec/bib/journals/corr/HeZRS15},
  bibsource = {dblp computer science bibliography, http://dblp.org}
}

@inproceedings{ImageNet,
  author = {Deng, J. and Dong, W. and Socher, R. and Li, L.-J. and Li, K. and Fei-Fei, L.},
  title = {{ImageNet: A Large-Scale Hierarchical Image Database}},
  booktitle = {CVPR09},
  year = {2009},
  bibsource = "http://www.image-net.org/papers/imagenet_cvpr09.bib"
}

@TECHREPORT{Cifar,
  author = {Alex Krizhevsky},
  title = {Learning multiple layers of features from tiny images},
  institution = {},
  year = {2009}
}
